<record xmlns='http://www.loc.gov/MARC21/slim'><leader>01606cim a22003852u 4500</leader><controlfield tag='001'>3600554</controlfield><controlfield tag='005'>20151214182625.0</controlfield><controlfield tag='007'>ss|lmnjluz|nuu</controlfield><controlfield tag='008'>991101s1988    nyunnn         l    eng d</controlfield><datafield ind1=' ' ind2=' ' tag='035'><subfield code='a'>(NIC)notisASF7619</subfield></datafield><datafield ind1=' ' ind2=' ' tag='035'><subfield code='a'>3600554</subfield></datafield><datafield ind1=' ' ind2=' ' tag='035'><subfield code='a'>(OCoLC)63896234</subfield></datafield><datafield ind1=' ' ind2=' ' tag='040'><subfield code='a'>NIC</subfield><subfield code='c'>NIC</subfield><subfield code='d'>NIC</subfield><subfield code='d'>NIC</subfield></datafield><datafield ind1='1' ind2=' ' tag='100'><subfield code='a'>Chavez, Cesar,</subfield><subfield code='d'>1927-1993.</subfield></datafield><datafield ind1='1' ind2='4' tag='245'><subfield code='a'>The wrath of grapes</subfield><subfield code='h'>[sound recording]</subfield></datafield><datafield ind1=' ' ind2=' ' tag='260'><subfield code='c'>1988.</subfield></datafield><datafield ind1=' ' ind2=' ' tag='300'><subfield code='a'>1 sound cassette (75 min.) :</subfield><subfield code='b'>analog, mono.</subfield></datafield><datafield ind1=' ' ind2=' ' tag='500'><subfield code='a'>Recorded in Ithaca, NY by Cornell University.</subfield></datafield><datafield ind1=' ' ind2=' ' tag='500'><subfield code='a'>Accompanied by: Notes.</subfield></datafield><datafield ind1=' ' ind2=' ' tag='500'><subfield code='a'>Sponsored by: Mexican American Student Association.</subfield></datafield><datafield ind1=' ' ind2=' ' tag='500'><subfield code='a'>Speaker(s): Founder and President, United Farmworkers Union.</subfield></datafield><datafield ind1=' ' ind2=' ' tag='518'><subfield code='a'>Lecture, March 3, 1988.</subfield></datafield><datafield ind1=' ' ind2=' ' tag='520'><subfield code='a'>Chavez presents the movement of the United Farm Workers to boycott California grapes due to the alleged use of pesticides and unfair labor practices by growers.</subfield></datafield><datafield ind1=' ' ind2='0' tag='650'><subfield code='a'>Agricultural laborers</subfield><subfield code='z'>United States.</subfield></datafield><datafield ind1=' ' ind2='0' tag='650'><subfield code='a'>Agricultural laborers</subfield><subfield code='x'>Labor unions.</subfield></datafield><datafield ind1=' ' ind2='0' tag='650'><subfield code='a'>Mexican American agricultural laborers.</subfield></datafield><datafield ind1=' ' ind2='0' tag='650'><subfield code='a'>Discrimination in employment</subfield><subfield code='z'>United States.</subfield></datafield><datafield ind1=' ' ind2='7' tag='650'><subfield code='a'>Agricultural laborers</subfield><subfield code='2'>fast</subfield><subfield code='0'>(OCoLC)fst00800949</subfield></datafield><datafield ind1=' ' ind2='7' tag='650'><subfield code='a'>Agricultural laborers</subfield><subfield code='x'>Labor unions</subfield><subfield code='2'>fast</subfield><subfield code='0'>(OCoLC)fst00800972</subfield></datafield><datafield ind1=' ' ind2='7' tag='650'><subfield code='a'>Discrimination in employment</subfield><subfield code='2'>fast</subfield><subfield code='0'>(OCoLC)fst00895050</subfield></datafield><datafield ind1=' ' ind2='7' tag='650'><subfield code='a'>Mexican American agricultural laborers</subfield><subfield code='2'>fast</subfield><subfield code='0'>(OCoLC)fst01018925</subfield></datafield><datafield ind1=' ' ind2='7' tag='651'><subfield code='a'>United States</subfield><subfield code='2'>fast</subfield><subfield code='0'>(OCoLC)fst01204155</subfield></datafield><datafield ind1='1' ind2=' ' tag='899'><subfield code='a'>CULectures</subfield></datafield><datafield ind1=' ' ind2=' ' tag='905'><subfield code='a'>20000310120000.0</subfield></datafield><datafield ind1='2' ind2=' ' tag='948'><subfield code='a'>20141221</subfield><subfield code='b'>m</subfield><subfield code='d'>batch</subfield><subfield code='e'>lts</subfield><subfield code='x'>addfast</subfield></datafield></record>